<record><leader>00000cas a2200000 a 4500</leader><controlfield tag="001">42921186</controlfield><controlfield tag="008">991202d18501946ohuwr n       0    0eng c</controlfield><datafield ind1=" " ind2=" " tag="010"><subfield code="a">sn 99016468 </subfield></datafield><datafield ind1=" " ind2=" " tag="040"><subfield code="a">ATL</subfield><subfield code="b">eng</subfield><subfield code="c">ATL</subfield><subfield code="d">NVF</subfield><subfield code="d">OCLCQ</subfield><subfield code="d">OCLCF</subfield><subfield code="d">OCLCO</subfield></datafield><datafield ind1="1" ind2=" " tag="029"><subfield code="a">AU@</subfield><subfield code="b">000021895948</subfield></datafield><datafield ind1=" " ind2=" " tag="042"><subfield code="a">pcc</subfield></datafield><datafield ind1=" " ind2=" " tag="043"><subfield code="a">n-us-oh</subfield></datafield><datafield ind1=" " ind2="4" tag="050"><subfield code="a">BX9877</subfield></datafield><datafield ind1="0" ind2=" " tag="130"><subfield code="a">Religious telescope (Circleville, Ohio : 1850)</subfield></datafield><datafield ind1="1" ind2="0" tag="245"><subfield code="a">Religious telescope.</subfield></datafield><datafield ind1=" " ind2=" " tag="260"><subfield code="a">Circleville, Ohio :</subfield><subfield code="b">Published for the Church of the United Brethren in Christ,</subfield><subfield code="c">1850-1946.</subfield></datafield><datafield ind1=" " ind2=" " tag="300"><subfield code="a">v.</subfield></datafield><datafield ind1=" " ind2=" " tag="310"><subfield code="a">Weekly</subfield></datafield><datafield ind1="0" ind2=" " tag="362"><subfield code="a">New ser., v. 1, no. 1 (Sept. 4, 1850)-n.s., v. 16, no. 52 (Aug. 29, 1866) ; v. 33, no. 1 (Sept. 5, 1866)-v. 112, no. 52 (Dec. 26, 1946).</subfield></datafield><datafield ind1=" " ind2=" " tag="500"><subfield code="a">Published in Dayton, Ohio, Aug. 31, 1853-1946.</subfield></datafield><datafield ind1=" " ind2=" " tag="515"><subfield code="a">Issues for Sept. 4, 1850-June 21, 1893 called also whole no. 540-2769.</subfield></datafield><datafield ind1=" " ind2=" " tag="530"><subfield code="a">Also issued on microfilm by American Theological Library Association.</subfield></datafield><datafield ind1=" " ind2=" " tag="550"><subfield code="a">Official publication of the Church of the United Brethren in Christ.</subfield></datafield><datafield ind1="2" ind2="0" tag="610"><subfield code="a">Church of the United Brethren in Christ (New constitution)</subfield><subfield code="v">Newspapers.</subfield></datafield><datafield ind1=" " ind2="0" tag="651"><subfield code="a">Circleville (Ohio)</subfield><subfield code="v">Newspapers.</subfield></datafield><datafield ind1=" " ind2="0" tag="651"><subfield code="a">Pickaway County (Ohio)</subfield><subfield code="v">Newspapers.</subfield></datafield><datafield ind1=" " ind2="0" tag="651"><subfield code="a">Dayton (Ohio)</subfield><subfield code="v">Newspapers.</subfield></datafield><datafield ind1=" " ind2="0" tag="651"><subfield code="a">Montgomery County (Ohio)</subfield><subfield code="v">Newspapers.</subfield></datafield><datafield ind1=" " ind2="7" tag="655"><subfield code="a">Newspapers.</subfield><subfield code="2">fast</subfield><subfield code="0">(OCoLC)fst01423814</subfield></datafield><datafield ind1="2" ind2="7" tag="610"><subfield code="a">Church of the United Brethren in Christ (New constitution)</subfield><subfield code="2">fast</subfield><subfield code="0">(OCoLC)fst00541687</subfield></datafield><datafield ind1=" " ind2="7" tag="651"><subfield code="a">Ohio</subfield><subfield code="z">Circleville.</subfield><subfield code="2">fast</subfield><subfield code="0">(OCoLC)fst01222377</subfield></datafield><datafield ind1=" " ind2="7" tag="651"><subfield code="a">Ohio</subfield><subfield code="z">Dayton.</subfield><subfield code="2">fast</subfield><subfield code="0">(OCoLC)fst01204702</subfield></datafield><datafield ind1=" " ind2="7" tag="651"><subfield code="a">Ohio</subfield><subfield code="z">Montgomery County.</subfield><subfield code="2">fast</subfield><subfield code="0">(OCoLC)fst01211918</subfield></datafield><datafield ind1=" " ind2="7" tag="651"><subfield code="a">Ohio</subfield><subfield code="z">Pickaway County.</subfield><subfield code="2">fast</subfield><subfield code="0">(OCoLC)fst01209813</subfield></datafield><datafield ind1="2" ind2=" " tag="710"><subfield code="a">Church of the United Brethren in Christ (New constitution)</subfield></datafield><datafield ind1=" " ind2=" " tag="752"><subfield code="a">United States</subfield><subfield code="b">Ohio</subfield><subfield code="c">Montgomery</subfield><subfield code="d">Dayton.</subfield></datafield><datafield ind1=" " ind2=" " tag="752"><subfield code="a">United States</subfield><subfield code="b">Ohio</subfield><subfield code="c">Pickaway</subfield><subfield code="d">Circleville.</subfield></datafield><datafield ind1="1" ind2=" " tag="776"><subfield code="c">Microfilm</subfield><subfield code="d">American Theological Library Association</subfield><subfield code="w">(DLC)sn 99016469</subfield><subfield code="w">(OCoLC)42921396</subfield></datafield><datafield ind1="0" ind2="0" tag="780"><subfield code="t">Religious telescope (Circleville, Ohio : 1834)</subfield><subfield code="w">(DLC)sn 88077200</subfield></datafield><datafield ind1="0" ind2="7" tag="785"><subfield code="t">Evangelical messenger (New Berlin, Pa.)</subfield><subfield code="w">(DLC)sn 92056717</subfield><subfield code="w">(OCoLC)25698020</subfield></datafield><datafield ind1="0" ind2="7" tag="785"><subfield code="t">Telescope-messenger (Harrisburg, Pa.)</subfield><subfield code="w">(DLC)sn 99016183</subfield><subfield code="w">(OCoLC)5243540</subfield></datafield></record>